@misc{bae2025mixtureofrecursionslearningdynamicrecursive,
      title={Mixture-of-Recursions: Learning Dynamic Recursive Depths for Adaptive Token-Level Computation}, 
      author={Sangmin Bae and Yujin Kim and Reza Bayat and Sungnyun Kim and Jiyoun Ha and Tal Schuster and Adam Fisch and Hrayr Harutyunyan and Ziwei Ji and Aaron Courville and Se-Young Yun},
      year={2025},
      eprint={2507.10524},
      archivePrefix={arXiv},
      primaryClass={cs.CL},
      url={https://arxiv.org/abs/2507.10524}, 
}


@inproceedings{kour2014real,
  title={Real-time segmentation of on-line handwritten arabic script},
  author={Kour, George and Saabne, Raid},
  booktitle={Frontiers in Handwriting Recognition (ICFHR), 2014 14th International Conference on},
  pages={417--422},
  year={2014},
  organization={IEEE}
}

@inproceedings{kour2014fast,
  title={Fast classification of handwritten on-line Arabic characters},
  author={Kour, George and Saabne, Raid},
  booktitle={Soft Computing and Pattern Recognition (SoCPaR), 2014 6th International Conference of},
  pages={312--318},
  year={2014},
  organization={IEEE}
}

@article{hadash2018estimate,
  title={Estimate and Replace: A Novel Approach to Integrating Deep Neural Networks with Existing Applications},
  author={Hadash, Guy and Kermany, Einat and Carmeli, Boaz and Lavi, Ofer and Kour, George and Jacovi, Alon},
  journal={arXiv preprint arXiv:1804.09028},
  year={2018}
}
